@inproceedings{sherlock,
 author = {Hulsebos, Madelon and Hu, Kevin and Bakker, Michiel and Zgraggen, Emanuel and Satyanarayan, Arvind and Kraska, Tim and Demiralp, \c{C}agatay and Hidalgo, C{\'e}sar},
 title = {Sherlock: A Deep Learning Approach to Semantic Data Type Detection},
 booktitle = {Proceedings of the 25th ACM SIGKDD International Conference on Knowledge Discovery \&\#38; Data Mining},
 year={2019},
 publisher = {ACM},
}

@inproceedings{wdc,
  title={A large public corpus of web tables containing time and context metadata},
  author={Lehmberg, Oliver and Ritze, Dominique and Meusel, Robert and Bizer, Christian},
  booktitle={Proceedings of the 25th International Conference Companion on World Wide Web},
  pages={75--76},
  year={2016}
}

@article{webtable,
  title={Webtables: exploring the power of tables on the web},
  author={Cafarella, Michael J and Halevy, Alon and Wang, Daisy Zhe and Wu, Eugene and Zhang, Yang},
  journal={Proceedings of the VLDB Endowment},
  volume={1},
  number={1},
  pages={538--549},
  year={2008},
  publisher={VLDB Endowment}
}

@incollection{dbpedia,
  title={Dbpedia: A nucleus for a web of open data},
  author={Auer, S{\"o}ren and Bizer, Christian and Kobilarov, Georgi and Lehmann, Jens and Cyganiak, Richard and Ives, Zachary},
  booktitle={The semantic web},
  pages={722--735},
  year={2007},
  publisher={Springer}
}

@article{wttodbpedia,
  title={Matching web tables to dbpedia-a feature utility study},
  author={Ritze, Dominique and Bizer, Christian},
  journal={context},
  volume={42},
  number={41},
  pages={19--31},
  year={2017}
}

@inproceedings{11,
  title={Exploiting structure within data for accurate labeling using conditional random fields},
  author={Goel, Aman and Knoblock, Craig A and Lerman, Kristina},
  booktitle={Proceedings on the International Conference on Artificial Intelligence (ICAI)},
  pages={1},
  year={2012},
  organization={The Steering Committee of The World Congress in Computer Science, Computer~â€¦}
}

@article{19,
  title={Annotating and searching web tables using entities, types and relationships},
  author={Limaye, Girija and Sarawagi, Sunita and Chakrabarti, Soumen},
  journal={Proceedings of the VLDB Endowment},
  volume={3},
  number={1-2},
  pages={1338--1347},
  year={2010},
  publisher={VLDB Endowment}
}

@inproceedings{23,
  title={Semantic labeling: a domain-independent approach},
  author={Pham, Minh and Alse, Suresh and Knoblock, Craig A and Szekely, Pedro},
  booktitle={International Semantic Web Conference},
  pages={446--462},
  year={2016},
  organization={Springer}
}

@inproceedings{27,
  title={Assigning semantic labels to data sources},
  author={Ramnandan, S Krishnamurthy and Mittal, Amol and Knoblock, Craig A and Szekely, Pedro},
  booktitle={European Semantic Web Conference},
  pages={403--417},
  year={2015},
  organization={Springer}
}

@inproceedings{30,
  title={Exploiting a web of semantic data for interpreting tables},
  author={Syed, Zareen and Finin, Tim and Mulwad, Varish and Joshi, Anupam and others},
  booktitle={Proceedings of the Second Web Science Conference},
  year={2010}
}


@inproceedings{glove,
  title={Glove: Global vectors for word representation},
  author={Pennington, Jeffrey and Socher, Richard and Manning, Christopher D},
  booktitle={Proceedings of the 2014 conference on empirical methods in natural language processing (EMNLP)},
  pages={1532--1543},
  year={2014}
}

@inproceedings{para,
  title={Distributed representations of sentences and documents},
  author={Le, Quoc and Mikolov, Tomas},
  booktitle={International conference on machine learning},
  pages={1188--1196},
  year={2014}
}

@inproceedings{gensim,
  title={Software framework for topic modelling with large corpora},
  author={Rehurek, Radim and Sojka, Petr},
  booktitle={In Proceedings of the LREC 2010 Workshop on New Challenges for NLP Frameworks},
  year={2010},
  organization={Citeseer}
}

@article{lstm,
  title={Long short-term memory},
  author={Hochreiter, Sepp and Schmidhuber, J{\"u}rgen},
  journal={Neural computation},
  volume={9},
  number={8},
  pages={1735--1780},
  year={1997},
  publisher={MIT Press}
}

@article{torch,
  title={Automatic differentiation in pytorch},
  author={Paszke, Adam and Gross, Sam and Chintala, Soumith and Chanan, Gregory and Yang, Edward and DeVito, Zachary and Lin, Zeming and Desmaison, Alban and Antiga, Luca and Lerer, Adam},
  year={2017}
}

%%---------------------------End bib------------------------------------------

%%Web Links

@misc{t2dv2,
  title = {T2Dv2 Gold Standard},
  howpublished = {\url{http://webdatacommons.org/webtables/goldstandardV2.html}}
}

@misc{datalib,
  title = {Interactive Data Lab. 2019. Datalib: JavaScript Data Utilities},
  howpublished = {\url{http://vega.github.io/datalib}}
}

@misc{messytables,
  title = {Open Knowledge Foundation. 2019. messytables},
  howpublished = {\url{https://pypi.org/project/messytables}}
}

@misc{powerbi,
  title = {Microsoft. 2019. Power BI | Interactive Data Visualization BI.},
  howpublished = {\url{https://powerbi.microsoft.com}}
}

@misc{tableau,
  title = {Tableau - Data Analytics.},
  howpublished = {\url{https://www.tableau.com/}}
}


%----------------Conclusion cites --------------------------

@misc{crf,
    title={Bidirectional LSTM-CRF Models for Sequence Tagging},
    author={Zhiheng Huang and Wei Xu and Kai Yu},
    year={2015},
    eprint={1508.01991},
    archivePrefix={arXiv},
    primaryClass={cs.CL}
}

